

@inproceedings{Zhou:2008,
 author = {Zhou, Yunhong and Wilkinson, Dennis and Schreiber, Robert and Pan, Rong},
 title = {Large-Scale Parallel Collaborative Filtering for the Netflix Prize},
 booktitle = {Proceedings of the 4th International Conference on Algorithmic Aspects in Information and Management},
 series = {AAIM '08},
 year = {2008},
 isbn = {978-3-540-68865-5},
 location = {Shanghai, China},
 pages = {337--348},
 numpages = {12},
 acmid = {1424269}
} 
@inproceedings{Jaderberg14b,
  author       = {Jaderberg, M. and Vedaldi, A. and Zisserman, A.},
  title        = {Speeding up Convolutional Neural Networks with Low Rank Expansions},
  booktitle    = {British Machine Vision Conference},
  year         = {2014},
}
@inproceedings{lecun2010convolutional,
  title={Convolutional networks and applications in vision},
  author={LeCun, Yann and Kavukcuoglu, Koray and Farabet, Cl{\'e}ment},
  booktitle={Circuits and Systems (ISCAS), Proceedings of 2010 IEEE International Symposium on},
  pages={253--256},
  year={2010},
  organization={IEEE}
}